@inproceedings{jackson_performance_2010,
author = {Jackson, K R and Ramakrishnan, L and Muriki, K and Canon, S and Cholia, S and Shalf, J and Wasserman, Harvey J and Wright, N J},
title = {{Performance Analysis of High Performance Computing Applications on the Amazon Web Services Cloud}},
booktitle = {2010 IEEE Second International Conference on Cloud Computing Technology and Science (CloudCom)},
year = {2010},
pages = {159--168},
publisher = {IEEE},
month = nov
}


@inproceedings{li_cloudcmp:_2010,
author = {Li, Ang and Yang, Xiaowei and Kandula, Srikanth and Zhang, Ming},
title = {{CloudCmp: Comparing Public Cloud Providers}},
booktitle = {Proceedings of the 10th ACM SIGCOMM Conference on Internet Measurement},
year = {2010},
pages = {1--14},
publisher = {ACM},
address = {New York, NY, USA}
}

@booklet{Sipser:2012ta,
title = {{Introduction to the Theory of Computation}},
author = {Sipser, M},
year = {2012}
}
@article{ahmadian2014security, 
author={Ahmadian, M. and Paya, A. and Marinescu, D.C.}, 
journal={IEEE International conf. on Parallel Distributed Processing Symposium Workshops (IPDPSW)}, 
title={Security of Applications Involving Multiple Organizations and Order Preserving Encryption in Hybrid Cloud Environments}, 
year={2014}, 
pages={894-903}, 
keywords={Big Data;cloud computing;cryptography;data privacy;Big Data;OPE;data security;hybrid cloud environments;hybrid cloud solution;multiple organizations;nonconfidential data;order preserving encryption;private data;public cloud;security requirements;smart power grid;Cloud computing;Companies;Encryption;Smart grids;big data;hybrid cloud;order-preserving symmetric encryption;smart power grid}, 
doi={10.1109/IPDPSW.2014.102}, 
month={May},}

@article{ahmadian2015security, 
author={Ahmadian, M. and Khodabandehloo, J. and Marinescu, D.C.}, 
journal={IEEE SoutheastCon}, 
title={A security scheme for geographic information databases in location based systems}, 
year={2015}, 
pages={1-7}, 
keywords={Global Positioning System;cryptography;geographic information systems;mobile computing;GPS-enabled devices;authentication factor;geographic information databases;geographical database features;geographical location information;hand held devices;location based systems;military applications;mobile devices;mobile transactions;security scheme;smart phones;social networks;Data structures;Encryption;Hardware;Spatial databases;Cryptography;Digital map;Location based system;Security;databases}, 
doi={10.1109/SECON.2015.7132941}, 
month={April},}

@article{Popa:2011:CPC:2043556.2043566,
author = {Popa, Raluca Ada and Redfield, Catherine M. S. and Zeldovich, Nickolai and Balakrishnan, Hari},
title = {CryptDB: Protecting Confidentiality with Encrypted Query Processing},
journal = {Proc. of the Twenty-Third ACM Symposium on Operating Systems Principles},
series = {SOSP '11},
year = {2011},
isbn = {978-1-4503-0977-6},
location = {Cascais, Portugal},
pages = {85--100},
numpages = {16},
doi = {10.1145/2043556.2043566},
acmid = {2043566},
publisher = {ACM},
address = {New York, NY, USA},
} 
@inproceedings{hacigumus2002providing,
  title={Providing database as a service},
  author={Hacig{\"u}m{\"u}s, Hakan and Iyer, Bala and Mehrotra, Sharad},
  booktitle={Data Engineering, 2002. Proceedings. 18th International Conference on},
  pages={29--38},
  year={2002},
  organization={IEEE}
}
@article{curino2011relational,
  title={Relational cloud: A database-as-a-service for the cloud},
  author={Curino, Carlo and Jones, Evan PC and Popa, Raluca Ada and Malviya, Nirmesh and Wu, Eugene and Madden, Sam and Balakrishnan, Hari and Zeldovich, Nickolai},
  year={2011}
}
@inproceedings{hacigumus2002providing,
  title={Providing database as a service},
  author={Hacig{\"u}m{\"u}s, Hakan and Iyer, Bala and Mehrotra, Sharad},
  booktitle={Data Engineering, 2002. Proceedings. 18th International Conference on},
  pages={29--38},
  year={2002},
  organization={IEEE}
}
@inproceedings{cooper2010benchmarking,
  title={Benchmarking cloud serving systems with YCSB},
  author={Cooper, Brian F and Silberstein, Adam and Tam, Erwin and Ramakrishnan, Raghu and Sears, Russell},
  booktitle={Proceedings of the 1st ACM symposium on Cloud computing},
  pages={143--154},
  year={2010},
  organization={ACM}
}
@inproceedings{gentry2009fully,
title={Fully homomorphic encryption using ideal lattices.},
author={Gentry, Craig and others},
booktitle={STOC},
volume={9},
pages={169--178},
year={2009}
}
@article{boldyreva2009order,
title={Order-preserving symmetric encryption},
author={Boldyreva, Alexandra and Chenette, Nathan and Lee, Younho and Oâ€™neill, Adam},
journal={Advances in Cryptology-EUROCRYPT},
pages={224--241},
year={2009},
publisher={Springer}
}
@ARTICLE{Ahmadian2015SecureNoSQL,
author = "M.~Ahmadian and F.~Plochan and Z.~Rossler and D.~Marinescu",
title = "{SecureNoSQL}: An approach to a secure search in cloud BigData",
journal = "Journal of Information Management",
%volume = "53",
%number = "1",
%pages = "1 - 28",
year = "2016",
note = "",
%doi = "http://dx.doi.org/10.1016/0097-3165(90)90017-Q",
%url = "http://www.sciencedirect.com/science/article/pii/009731659090017Q",
}


